@comment{x-kbibtex-encoding=utf-8}

@comment{x-kbibtex-personnameformatting=<%l><, %f><, %s>}

% This file was created with JabRef 2.10b2.
% Encoding: UTF-8

@book{bou03,
	address = "Paris",
	author = "Bouyer, C",
	owner = "Sylvain",
	publisher = "Le cherche midi",
	timestamp = "2014.07.30",
	title = "{La grande aventure des écoles normales d'instituteurs}",
	year = "2003"
}

@inbook{bui11,
	address = "Lyon",
	author = "Buisson, Ferdinand",
	chapter = "Conférences pédagogiques",
	edition = "2",
	editor = "Buisson, Ferdinand",
	owner = "Sylvain",
	publisher = "INRP (édition électronique)",
	timestamp = "2014.07.30",
	title = "{Nouveau dictionnaire de pédagogie et d'instruction primaire}",
	year = "1911"
}

@book{cam94,
	address = "Paris",
	author = "Cambier, A",
	owner = "Sylvain",
	publisher = "UNESCO",
	timestamp = "2014.07.30",
	title = "{Le rôle de l'université dans la formation des enseignants}",
	year = "1994"
}

@inbook{ch97,
	author = "Chailley",
	chapter = "De l'école normale à l'IUFM, aléas et persistance de la vidéoformation",
	editor = "Mottet, G",
	owner = "Sylvain",
	publisher = "l'Harmattan",
	timestamp = "2014.07.30",
	title = "{La vidéoformation. Autres regards, autres pratiques}",
	year = "1997"
}

@book{cha87,
	address = "Paris",
	author = "Chasteau, L",
	owner = "Sylvain",
	publisher = "Libraire Ricard-Bernheim et Cie",
	timestamp = "2014.07.30",
	title = "{Rédaction pédagogique : sujets traités et à traiter}",
	year = "1887"
}

@article{chesnais75,
	address = "Paris",
	author = "Chesnais, Jean-Claude",
	journal = "Population",
	owner = "Sylvain",
	pages = "527–550",
	timestamp = "2014.07.30",
	title = "{La population des bacheliers en France. Estimation et projection jusqu'en 1995}",
	volume = "30/3",
	year = "1975"
}

@book{com01,
	address = "Paris",
	author = "Compagnon, B and Thévenin, A",
	owner = "Sylvain",
	publisher = "Broché",
	timestamp = "2014.07.30",
	title = "{Histoire des instituteurs et des professeurs de 1880 à nos jours}",
	year = "2001"
}

@book{con07,
	address = "Paris",
	author = "Condette, J-F",
	owner = "Sylvain",
	publisher = "l'Harmattan",
	timestamp = "2014.07.30",
	title = "{Histoire de la formation des enseignants en France aux XIXe et XXe siècles}",
	year = "2007"
}

@book{dan08,
	address = "Paris",
	author = "Danvers, C",
	owner = "Sylvain",
	publisher = "l'Harmattan",
	timestamp = "2014.07.30",
	title = "{Réforme des IUFM. Vers une nouvelle professionnalité enseignante ?}",
	year = "2008"
}

@book{deledalle65,
	address = "Paris",
	author = "Deledalle, Gérard",
	owner = "Sylvain",
	publisher = "éd. du Scarabée",
	timestamp = "2014.05.19",
	title = "{La pédagogie de John Dewey}",
	year = "1965"
}

@unpublished{dob1899,
	address = "beauvais",
	author = "Dobigny, G",
	note = "Fond du musée de l'éducation du Val d'oise",
	owner = "Sylvain",
	timestamp = "2014.07.30",
	title = "{Cours de pédagogie de l'école normale. 1898-1899.}",
	year = "1899"
}

@inbook{durkheim11,
	address = "Lyon",
	author = "Durkheim, Emile",
	booktitle = "{Dictionnaire de pédagogie}",
	chapter = "Pédagogie",
	edition = "2",
	editor = "Buisson, Ferdinand",
	owner = "sylvain",
	publisher = "INRP (édition électronique)",
	timestamp = "2014.05.18",
	title = "{Nouveau dictionnaire de pédagogie et d'instruction primaire}",
	year = "1911"
}

@inbook{fabre02,
	address = "Issy-les-Moulineaux",
	author = "Fabre, Michel",
	chapter = "5",
	editor = "Houssaye, Jean and Soëtard, Michel and Hameline, Daniel and Fabre, Michel",
	owner = "Sylvain",
	pages = "99–127",
	publisher = "ESF éd.",
	timestamp = "2014.05.19",
	title = "{Existe-t-il des savoirs pédagogiques ?}",
	year = "2002"
}

@book{gon76,
	address = "Toulouse",
	author = "Gontard, M",
	owner = "Sylvain",
	publisher = "CRDP",
	timestamp = "2014.07.30",
	title = "{La question des écoles normales primaires de la Révolution à 1962}",
	year = "1976"
}

@book{gon54,
	address = "Toulouse",
	author = "Gontard, M",
	owner = "Sylvain",
	publisher = "CRDP",
	timestamp = "2014.07.30",
	title = "{La question des écoles normales primaires de la révolution de 1789 à nos jours}",
	year = "1954"
}

@inbook{gr10,
	address = "Paris",
	author = "Grandière, Marcel",
	chapter = "Les écoles normales et la formation des maîtres",
	editor = "Jacquet-Françillon, F and D'Enfert, R and Loeffel, L",
	owner = "Sylvain",
	pages = "139–148",
	publisher = "Retz",
	timestamp = "2014.07.30",
	title = "{Une histoire de l'éducation et de l'enseignement en France au XVIIIe siècle}",
	year = "2010"
}

@book{gr06,
	address = "Lyon",
	author = "Grandière, Marcel",
	owner = "Sylvain",
	publisher = "INRP",
	timestamp = "2014.07.30",
	title = "{La formation des maîtres en France : 1792-1914}",
	year = "2006"
}

@unpublished{her69,
	author = "Hervoy, A",
	note = "Fond du musée de l'éducation du Val d'oise",
	owner = "Sylvain",
	timestamp = "2014.07.30",
	title = "{Rapport de stage de deuxième année de l'école normale d'instituteurs de St Germain en Laye 1969-1970}",
	year = "1969"
}

@book{houssaye00,
	address = "Bern",
	author = "Houssaye, Jean",
	owner = "Sylvain",
	publisher = "Peter Lang (3ème éd.)",
	timestamp = "2014.07.30",
	title = "{Le triangle pédagogique. Théorie et pratiques de l'éducation scolaire}",
	year = "2000"
}

@book{cap18,
	address = "Paris",
	author = "Jeannot, C",
	owner = "Sylvain",
	publisher = "Hachette",
	timestamp = "2014.07.30",
	title = "{Cent épreuves écrites des examens du certificat d'aptitudes pédagogique. Avec plans et développements (2ème éd.)}",
	year = "1918"
}

@unpublished{lam10,
	address = "Beauvais",
	author = "Lambert, E",
	note = "Fond du musée de l'éducation du Val d'oise",
	owner = "Sylvain",
	timestamp = "2014.07.30",
	title = "{Mémoire de 3ème année de l'école normale}",
	year = "1910"
}

@article{lang11,
	address = "Paris",
	author = "Langouët, Gabriel",
	journal = "Carrefours de l'éducation",
	owner = "Sylvain",
	pages = "92",
	publisher = "Labat",
	timestamp = "2014.07.30",
	title = "{L’élitisme républicain : du certificat d’études primaires d’hier aux baccalauréats d’aujourd’hui}",
	volume = "Hors série Vol.2",
	year = "2011/4"
}

@article{mel95,
	address = "Paris",
	author = "Melyani, M",
	journal = "Revue des sciences de l'éducation",
	owner = "Sylvain",
	timestamp = "2014.07.30",
	title = "{Professionnalisation anodine ou clé de voûte du métier enseignant.}",
	volume = "XII/3",
	year = "1995"
}

@unpublished{mon08,
	author = "Mondreux, I",
	note = "Fond du musée de l'éducation du Val d'oise",
	owner = "Sylvain",
	timestamp = "2014.07.30",
	title = "{La cabane. Mémoire de PE1 de l'IUFM de St Germain en Laye}",
	year = "2008"
}

@inbook{paw03,
	address = "Lyon",
	author = "Pawlotsky, I",
	chapter = "Analyse issue de l'étude des entretiens",
	editor = "Wagnon, S and Pawlotsky, I and Leblanc, Y and Barbé, A",
	owner = "Sylvain",
	publisher = "INRP",
	timestamp = "2014.07.30",
	title = "{Itinéraires d'instituteurs : Enquête auprès d'enseignants de l'académie de Versailles issus des écoles normales}",
	year = "2003"
}

@book{sch93,
	author = "Shön, Donald",
	owner = "sylvain",
	publisher = "Éditions Logiques",
	timestamp = "2014.08.01",
	title = "{Le praticien réflexif. À la recherche du savoir caché dans l'agir professionnel}",
	year = "1993"
}

@unpublished{tes97,
	author = "Testeride, I",
	note = "Fond de la bibliothèque de l'éducation de l'ESPE de Gennevilliers",
	owner = "Sylvain",
	timestamp = "2014.07.30",
	title = "{L'apprentissage de la lecture : parcours à travers différentes méthodes. Mémoire de PE1 de l'IUFM d'Antony}",
	year = "1997"
}

@book{tra60,
	address = "Paris",
	author = "Tranchère, S",
	owner = "Sylvain",
	publisher = "Bourrelier éd.",
	timestamp = "2014.07.30",
	title = "{Le CAP}",
	year = "1960"
}

@article{ver04,
	address = "Paris",
	author = "Verneuil, Yves",
	journal = "Carrefours de l'éducation",
	owner = "sylvain",
	pages = "102–117",
	timestamp = "2014.08.01",
	title = "{Les professeurs de l’enseignement secondaire au début du xxe siècle : entre corporatisme et esprit de catégorie}",
	year = "2001"
}

@book{vin01,
	address = "St Avertin",
	author = "Vincent, A",
	owner = "Sylvain",
	publisher = "Sutton éd.",
	timestamp = "2014.07.30",
	title = "{Des hussards noirs de la république aux professeurs des écoles. L'école normale}",
	year = "2001"
}

@book{wag03,
	address = "Lyon",
	author = "Wagnon, S and Pawlotsky, I and Leblanc, Y and Barbé, A",
	owner = "Sylvain",
	publisher = "INRP",
	timestamp = "2014.07.30",
	title = "{Itinéraires d'instituteurs : Enquête auprès d'enseignants de l'académie de Versailles issus des écoles normales.}",
	year = "2003"
}

@book{iufm08,
	address = "Versailles",
	owner = "Sylvain",
	publisher = "IUFM",
	timestamp = "2014.07.30",
	title = "{Professeur des écoles 2ème année : livret du stagiaire.}",
	year = "2008"
}

@book{cap72,
	address = "Paris",
	owner = "Sylvain",
	publisher = "Sudel",
	timestamp = "2014.07.30",
	title = "{Recueil de sujets des deux épreuves écrites du CAP}",
	year = "1972"
}

@book{cap27,
	address = "Paris",
	owner = "Sylvain",
	timestamp = "2014.07.30",
	title = "{Programme des examens du CAP (certificat d'aptitudes au professorat) des écoles normales et des écoles normales supérieures}",
	year = "1927"
}

@book{ver94,
	author = "Vermersch, Pierre",
	title = "{L'entretien d'explicitation
en formation initiale et en formation continue}",
	address = "Paris",
	publisher = "ESF",
	year = "1994"
}

